@inproceedings{chandrashekar2003service,
  title={Service oriented internet},
  author={Chandrashekar, Jaideep and Zhang, Zhi-Li and Duan, Zhenhai and Hou, Y Thomas},
  booktitle={International Conference on Service-Oriented Computing},
  pages={543--558},
  year={2003},
  organization={Springer}
}

@article{McKeown:2008:OEI:1355734.1355746,
 author = {McKeown, Nick and Anderson, Tom and Balakrishnan, Hari and Parulkar, Guru and Peterson, Larry and Rexford, Jennifer and Shenker, Scott and Turner, Jonathan},
 title = {OpenFlow: Enabling Innovation in Campus Networks},
 journal = {SIGCOMM Comput. Commun. Rev.},
 issue_date = {April 2008},
 volume = {38},
 number = {2},
 month = mar,
 year = {2008},
 issn = {0146-4833},
 pages = {69--74},
 numpages = {6},
 url = {http://doi.acm.org/10.1145/1355734.1355746},
 doi = {10.1145/1355734.1355746},
 acmid = {1355746},
 publisher = {ACM},
 address = {New York, NY, USA},
 keywords = {ethernet switch, flow-based, virtualization},
} 

@article{Saltzer:1984:EAS:357401.357402,
 author = {Saltzer, J. H. and Reed, D. P. and Clark, D. D.},
 title = {End-to-end Arguments in System Design},
 journal = {ACM Trans. Comput. Syst.},
 issue_date = {Nov. 1984},
 volume = {2},
 number = {4},
 month = nov,
 year = {1984},
 issn = {0734-2071},
 pages = {277--288},
 numpages = {12},
 url = {http://doi.acm.org/10.1145/357401.357402},
 doi = {10.1145/357401.357402},
 acmid = {357402},
 publisher = {ACM},
 address = {New York, NY, USA},
 keywords = {data communication, design principles, protocol design},
} 

@techreport{wasptr-15-01,
  author       = {D J Capelis},
  title        = {fived: A Session Layer Design to Secure the Internet},
  institution  = {University of California, Santa Cruz},
  number       = {UCSC-WASP-15-01},
  month        = nov,
  year         = {2015},
}

@inproceedings{Saif:2003:SNS:1066116.1189043,
 author = {Saif, Umar and Mazzola Paluska, Justin},
 title = {Service-Oriented Network Sockets},
 booktitle = {Proceedings of the 1st International Conference on Mobile Systems, Applications and Services},
 series = {MobiSys '03},
 year = {2003},
 location = {San Francisco, California},
 pages = {159--172},
 numpages = {14},
 url = {http://doi.acm.org/10.1145/1066116.1189043},
 doi = {10.1145/1066116.1189043},
 acmid = {1189043},
 publisher = {ACM},
 address = {New York, NY, USA},
} 


@misc{mobileip,
	author="Internet Engineering Task Force (IETF)",
	title="IP Mobility Support for IPv4, Revised",
	month="nov",
	year="2010",
	howpublished={\url{https://tools.ietf.org/html/rfc5944}},
	note={Request for Comments: 5944},
}

@online{screen,
	author={The GNU Project},
	title={GNU screen},
	url={\url{https://www.gnu.org/software/screen/}},
	urldate={2017-12-09},
}

@online{tmux,
	author={TMUX},
	title={Terminal Multiplexer},
	url={\url{https://github.com/tmux/tmux/wiki}},
	urldate={2017-12-09},
}

@online{mosh,
	author={Mosh Development Team},
	title={Mosh: Mobile Shell},
	url={\url{https://mosh.org/}},
	urldate={2017-12-09},
}

@online{autossh,
	author={/etc/motd.ca and autossh Development Team},
	title={autossh - Automatically restart SSH sessions and tunnels},
	url={\url{http://www.harding.motd.ca/autossh/index.html}},
	urldate={2017-12-09},
}
